%Bibliography

@phdthesis{bib:GravSwarm,
  title={Gravitational Swarm for Graph Coloring},
  author={Ruiz, Israel Carlos Rebollo},
  year={2012},
  school={The University of the Basque Country}
  Url={http://www.ehu.eus/ccwintco/uploads/3/3a/Tesis-Israel-final.pdf}
}


@inproceedings{bib:GeneticAlg,
  title={Genetic algorithm applied to the graph coloring problem},
  author={Hindi, Musa M and Yampolskiy, Roman V},
  booktitle={Proc. 23rd Midwest Artificial Intelligence and Cognitive Science Conf},
  pages={61--66},
  year={2012},
  organization={Citeseer}
}

@incollection{yang2012flower,
  title={Flower pollination algorithm for global optimization},
  author={Yang, Xin-She},
  booktitle={Unconventional computation and natural computation},
  pages={240--249},
  year={2012},
  publisher={Springer}
}
@INPROCEEDINGS{7175923, 
author={Bensouyad, M. and Saidouni, D.}, 
booktitle={Cybernetics (CYBCONF), 2015 IEEE 2nd International Conference on}, 
title={A discrete flower pollination algorithm for graph coloring problem}, 
year={2015}, 
pages={151-155}, 
keywords={graph colouring;optimisation;continuous optimization;discrete flower pollination algorithm;discrete optimization;flower pollination process;graph coloring problem;nature inspired algorithm;Color;Complexity theory;Law;Optimization;Sociology;Statistics;Discrete Optimization;Flower Pollination Algorithm;Graph coloring}, 
doi={10.1109/CYBConf.2015.7175923}, 
month={June},}