 @incollection{yang2012flower,
   title={Flower pollination algorithm for global optimization},
   author={Yang, Xin-She},
   booktitle={Unconventional computation and natural computation},
   pages={240--249},
   year={2012},
   publisher={Springer}
 }
 @INPROCEEDINGS{7175923, 
 author={Bensouyad, M. and Saidouni, D.}, 
 booktitle={Cybernetics (CYBCONF), 2015 IEEE 2nd International Conference on}, 
 title={A discrete flower pollination algorithm for graph coloring problem}, 
 year={2015}, 
 pages={151-155}, 
 keywords={graph colouring;optimisation;continuous optimization;discrete flower pollination algorithm;discrete optimization;flower pollination process;graph coloring problem;nature inspired algorithm;Color;Complexity theory;Law;Optimization;Sociology;Statistics;Discrete Optimization;Flower Pollination Algorithm;Graph coloring}, 
 doi={10.1109/CYBConf.2015.7175923}, 
 month={June},}

 @article{johnson1991optimization,
  title={Optimization by simulated annealing: an experimental evaluation; part II, graph coloring and number partitioning},
  author={Johnson, David S and Aragon, Cecilia R and McGeoch, Lyle A and Schevon, Catherine},
  journal={Operations research},
  volume={39},
  number={3},
  pages={378--406},
  year={1991},
  publisher={INFORMS}
}